% Encoding: UTF-8

@misc{lurie_tqft_classification,
  Author = {Jacob Lurie},
  Title  = {On the Classification of Topological Field Theories},
  Year   = {2009},
  Eprint = {arXiv:0905.0465}
}

@book{highertopostheory,
  Author    = {Jacob Lurie}, 
  Title     = {Higher Topos Theory},
  Publisher = {Princeton University Press},
  Year      = 2009,
  Isbn      = {978-0-691-14049-0}
}

@misc{spectralmackeyfunctors1,
  Author       = {C. Barwick},
  Title        = {Spectral Mackey functors and equivariant algebraic K-theory (I)},
  Year         = {2014},
  Eprint       = {arXiv:1404.0108},
}

@article{1409.0837,
  Author       = {Rune Haugseng},
  Title        = {Iterated spans and classical topological field theories},
  Year         = {2014},
  Eprint       = {arXiv:1409.0837},
  Howpublished = {Mathematische Zeitschrift 289(3) (2018), 1427-1488},
  Doi          = {10.1007/s00209-017-2005-x},
}

@article{qcats_vs_segal_spaces,
  Author       = {A. Joyal, M. Tierney},
  Title        = {Quasi-categories vs Segal spaces},
  Year         = {2014},
  Eprint       = {arXiv:1409.0837},
  Howpublished = {Contemp.\ Math. 431 (2007), pp. 277--326},
}

@misc{spectralmackeyfunctors2,
  Author       = {C. Barwick, S. Glasman, J. Shah},
  Title        = {Spectral Mackey functors and equivariant algebraic K-theory (II)},
  Year         = {2016},
  Eprint       = {arXiv:1505.03098v2},
}

@misc{angus_higher_cats,
  Author = {Angus Rush},
  Title  = {Notes on Higher Categories},
}

@Article{Joyal2006,
  author      = {Andre Joyal and Myles Tierney},
  date        = {2006-07-31},
  title       = {Quasi-categories vs Segal spaces},
  eprint      = {math/0607820v2},
  eprintclass = {math.AT},
  eprinttype  = {arXiv},
  abstract    = {We show that complete Segal spaces and Segal categories are Quillen equivalent to quasi-categories.},
  file        = {:http\://arxiv.org/pdf/math/0607820v2:PDF},
  keywords    = {math.AT, 55U35;18G30;18G55},
}

@Comment{jabref-meta: databaseType:biblatex;}
